% Encoding: UTF-8

@Article{Banks2012,
  author    = {Jeffrey W. Banks and William D. Henshaw},
  title     = {Upwind schemes for the wave equation in second-order form},
  journal   = {Journal of Computational Physics},
  year      = {2012},
  volume    = {231},
  number    = {17},
  pages     = {5854--5889},
  month     = {jul},
  doi       = {10.1016/j.jcp.2012.05.012},
  publisher = {Elsevier {BV}},
}

@Comment{jabref-meta: databaseType:bibtex;}

% Encoding: UTF-8
